@article{fcs1,
    author = {Elliott Tew, Allison and Guzdial, Mark},
    editor={ },
    year={2011},
    journal = {SIGCSE'11 - Proceedings of the 42nd ACM Technical Symposium on Computer Science Education},
    pages={111-116},
    doi = {10.1145/1953163.1953200}
}

@inproceedings{cs1,
    author = {Parker, Miranda and Guzdial, Mark and Engleman, Shelly},
    year = {2016},
    month = {08},
    Booktitle = {ICER 2016 - Proceedings of the 2016 ACM Conference on International Computing Education Research},
    pages = {93-101},
    title = {Replication, Validation, and Use of a Language Independent CS1 Knowledge Assessment},
    doi = {10.1145/2960310.2960316}
}

@article{distractor,
    author = {Testa, Silvia and Toscano, Anna and Rosato, Rosalba},
    year = {2018},
    month = {08},
    pages = {},
    Number = {1585},
    title = {Distractor Efficiency in an Item Pool for a Statistics Classroom Exam: Assessing Its Relation With Item Cognitive Level Classified According to Bloom’s Taxonomy},
    volume = {9},
    journal = {Frontiers in Psychology},
    doi = {10.3389/fpsyg.2018.01585}
}

@article{efa2,
    author = {Williams, Brett and Brown, Ted and Onsman, Andrys},
    year = {2010},
    month = {08},
    pages = {1-13},
    title = {Exploratory factor analysis: A five-step guide for novices},
    volume = {8},
    journal = {Australasian Journal of Paramedicine},
    doi = {10.33151/ajp.8.3.93}
}

@article{jorian,
    author = {Jorion, Natalie and Gane, Brian and James, Katie and Schroeder, Lianne and V. DiBello, Louis and Pellegrino, James},
    year = {2015},
    month = {10},
    pages = {454-496},
    title = {An Analytic Framework for Evaluating the Validity of Concept Inventory Claims},
    volume = {104},
    journal = {Journal of Engineering Education},
    doi = {10.1002/jee.20104}
}

@article{jcerp,
    author = {Thompson, Julia and Herman, Geoffrey and Scheponik, Travis and Oliva, Linda and T. Sherman, Alan and Golaszewski, Ennis},
    year = {2018},
    month = {07},
    pages = {},
    series={5},
    Volume = {2018},
    Number = {1},
    journal={Journal of Cybersecurity Education, Research and Practice},
    title = {Student misconceptions about cybersecurity concepts: Analysis of think-aloud interviews}
}

@article{efa, 
    title={Best Practices in Exploratory Factor Analysis}, DOI={10.4135/9781412995627.d8}, journal={Best Practices in Quantitative Methods}, author={Osborne, Jason W. and Costello, Anna B. and Kellow, J. Thomas}, pages={86–99}, book={Best Practices in Exploratory Factor Analysis}
}

@BOOK{knowing_what_students_know,
  author    = "{National Research Council, Division of Behavioral and Social Sciences and Education, Board on Testing and Assessment, Center for Education, Committee on the Foundations of Assessment}",
  editor    = "James W. Pellegrino and Naomi Chudowsky and Robert Glaser",
  title     = "Knowing What Students Know: The Science and Design of Educational Assessment",
  isbn      = "978-0-309-29322-8",
  doi       = "10.17226/10019",
  year      = 2001,
  publisher = "The National Academies Press",
  address   = "Washington, DC"
}

%Libarkin, J. (2008). Concept inventories in higher education science. In BOSE Conf.

@inproceedings{libarkin,
  title={Concept inventories in higher education science},
  author={Libarkin, Julie},
  booktitle={BOSE Conf},
  year={2008}
}

@article{none_of_above,
    author = {David DiBattista  and  Jo-Anne   Sinnige-Egger  and  Glenda   Fortuna },
    title = {The “None of the Above” Option in Multiple-Choice Testing: An Experimental Study},
    journal = {The Journal of Experimental Education},
    volume = {82},
    number = {2},
    pages = {168-183},
    year  = {2014},
    publisher = {Routledge},
    doi = {10.1080/00220973.2013.795127},
}



@book{original_delphi, 
    title={Delphi Process A Methodology Used for the Elicitation of Opinions of Experts}, 
    author={Brown, Bernice B}, 
    year={1968},
    publisher = {The RAND Corporation}
    
}

@article{douglas_purzer,
    author = {Douglas, Kerrie and Purzer, Senay},
    year = {2015},
    month = {04},
    pages = {108-118},
    title = {Validity: Meaning and Relevancy in Assessment for Engineering Education Research: Assessment Validity for Engineering Education Research},
    volume = {104},
    number={2},
    journal = {Journal of Engineering Education},
    doi = {10.1002/jee.20070}
}

@article{diff2,
    author = {Ding, Lin and Chabay, Ruth and Sherwood, Bruce and Beichner, Robert},
    year = {2006},
    month = {03},
    pages = {},
    title = {Evaluating an Electricity and Magnetism Assessment Tool: Brief Electricity and Magnetism Assessment},
    volume = {2},
    number={1},
    journal = {Physical Review Special Topics : Physics Education Research},
    doi = {10.1103/PhysRevSTPER.2.010105}
}

@article{true_score,
    author = {Cappelleri, Joseph and Lundy, Jason and Hays, Ronald},
    year = {2014},
    month = {05},
    pages={648-662},
    title = {Overview of Classical Test Theory and Item Response Theory for the Quantitative Assessment of Items in Developing Patient-Reported Outcomes Measures},
    volume = {36},
    journal = {Clinical Therapeutics},
    doi = {10.1016/j.clinthera.2014.04.006}
}


@book{og_ctt, 
    place={Technical Issues in Large-Scale Assessment (TILSA) State Collaborative on Assessment and Student Standards (SCASS) of the Council of Chief State School Officers (CCSSO)}, 
    title={A Practitioners Introduction to Equating with Primers on Classical Test Theory and Item Response Theory}, publisher={Distributed by ERIC Clearinghouse}, 
    author={Ryan, Joseph and Brockmann, Frank},
    year={2009},
    month = {06}
}



@article{dlci,
    Pages = {277-303},
    author = {Herman, Geoffrey and Zilles, Craig and C. Loui, Michael},
    year = {2014},
    month = {10},
    title = {A psychometric evaluation of the digital logic concept inventory},
    volume = {24},
    journal = {Computer Science Education},
    doi = {10.1080/08993408.2014.970781}
}

@article{scenarios,
    Author = {Sherman, Alan T. and DeLatte, David and Neary, Michael and Oliva, Linda and Phatak, Dhananjay and Scheponik, Travis and Herman, Geoffrey L. and Thompson, Julia},
    ISSN = {01611194},
    Journal = {Cryptologia},
    Keywords = {COMPUTER security, COMPUTER crime prevention, computer security, Cybersecurity Assessment Tools (CATS), cybersecurity education, information assurance},
    Number = {4},
    Title = {Cybersecurity: Exploring core concepts through six scenarios},
    Volume = {42},
    month = {09},
    pages = {1558-1586},
    Year = {2018}
}


@article{delphi,
    author = {Parekh, Geet and DeLatte, David and Herman, Geoffrey and Oliva, Linda and Phatak, Dhananjay and Scheponik, Travis and T. Sherman, Alan},
    ISSN = {0018-9359},
    year = {2018},
    month = {02},
    pages = {11-20},
    title = {Identifying Core Concepts of Cybersecurity: Results of Two Delphi Processes},
    volume = {61},
    issue = {1},
    journal = {IEEE Transactions on Education},
    doi = {10.1109/TE.2017.2715174}
}

@article{misconceptions,
    ISSN = {978-1-5090-1790-4},
    doi ={10.1109/FIE.2016.7757363},
    Journal = {IEEE Frontiers in Education Conference (FIE)},
    Keywords = {Computing and Processing, Engineering Profession, Computer security, Interviews, Cognition, Context, Protocols, Computers, cognitive interviews, cybersecurity, Cybersecurity Assessment Tools (CATS), thematic analysis, misconceptions},
    Author = {Travis Scheponik and Alan T. Sherman and David DeLatte and Dhananjay Phatak and Linda Oliva and Julia Thompson and Geoffrey L. Herman},
    Title = {How students reason about Cybersecurity concepts.},
    pages = {1-5},
    month = {10},
    Year = {2016}
}
@article{workforce,
    Journal = {Frost \& Sullivan},
    Title = {The 2015 (ISC)2 global information security workforce study:},
    Author = {Michael Suby, Frank Dickson},
    Year = {2015},
    Month = {04}
}

@article{og_cronbach,
    author = {J. Cronbach, Lee},
    year = {1951},
    month = {09},
    pages = {297-334},
    title = {Coefficient Alpha and Internal Structure of Tests},
    volume = {16},
    journal = {Psychometrika},
    doi = {10.1007/BF02310555}
}

@article{panayiotis,
    author = {Panayides, Panayiotis},
	title = {Coefficient Alpha: Interpret With Caution},
	journal = {Europe’s Journal of Psychology},
	volume = {9},
	number = {4},
	pages = {688-696},
	year = {2013},
	month = {11},
	doi = {10.5964/ejop.v9i4.653},
	issn = {1841-0413}
}

@book{hackers_wanted, 
    place={Santa Monica, CA}, 
    publisher = {The RAND Corporation},
    author = {Libicki, Martin and Senty, David and Pollak, Julia},
    year = {2014},
    month = {01},
    title = {Hackers Wanted: An Examination of the Cybersecurity Labor Market},
    isbn = {9780833085009},
    doi = {10.7249/RR430}
}

@article{ci_progress, 
    author = {Evans, D.L. and Gray, G.L. and Krause, Stephen and Martin, Jay and Midkiff, C and Notaros, B.M. and Pavelich, Michael and Rancour, David and Reed, Teri and S. Steif, Paul and Streveler, Ruth and Ö Wage, K},
    year = {2003},
    vol = {1},
    pages={T4G-1-T4G-8}, 
    month = {11},
    Journal = {IEEE Frontiers in Education Conference (FIE)},
    title = {Progress On Concept Inventory Assessment Tools},
    isbn = {0-7803-7961-6},
    doi = {10.1109/FIE.2003.1263392}
}


@article{hake, 
    author = {Hake, Richard},
    year = {1998},
    month = {01},
    title = {Interactive-Engagement Versus Traditional Methods: A Six-Thousand-Student Survey of Mechanics Test Data for Introductory Physics Courses},
    volume = {66},
    journal = {American Journal of Physics},
    Pages = {64-74},
    doi = {10.1119/1.18809}
}

@article{fci, 
    author = {Hestenes, David and Wells, Malcolm and Swackhamer, Gregg},
    year = {1992},
    month = {03},
    pages = {141-158},
    title = {Force Concept Inventory},
    volume = {30},
    journal = {The Physics Teacher},
    doi = {10.1119/1.2343497}
}

@book{measurement, 
    place={Prospect Heights, IL}, title={Introduction to Measurement Theory}, publisher={Waveland Press}, 
    author={Allen, Mary J. and Yen, Wendy M.}, year={2002},
    month={11},
    isbn = {978-1577662303}
}

@article{ransomware, 
    title={Cybercriminals Target Hospitals with {SamSam} Ransomware Attacks}, journal={HealthITSecurity}, 
    publisher={HealthITSecurity}, 
    author={Donovan, Fred}, 
    year={2018}, 
    month={06}
}

@article{htm, 
    title={The Importance of Cybersecurity Training for {HTM} Professionals}, volume={50}, DOI={10.2345/0899-8205-50.5.381}, number={5}, 
    journal={Biomedical Instrumentation \& Technology}, 
    author={Wirth, Axel}, 
    year={2016}, 
    pages={381-383}
}

@article{litzinger, 
    author = {Litzinger, Thomas and Van Meter, Peggy and Firetto, Carla and J. Passmore, Lucas and B. Masters, Christine and R. Turns, Stephen and L. Gray, Gary and Costanzo, Francesco and Zappe, Sarah},
    year = {2010},
    month = {10},
    title = {A Cognitive Study of Problem Solving in Statics},
    volume = {99},
    journal = {Journal of Engineering Education},
    doi = {10.1002/j.2168-9830.2010.tb01067.x},
    pages={337-353}
}

@article{status,
    author = {T. Sherman, Alan and Oliva, Linda and DeLatte, David and Golaszewski, Enis and Neary, Michael and Patsourakos, Konstantinos and Phatak, Dhananjay and Scheponik, Travis and Herman, Geoffrey and Thompson, Julia},
    year = {2017},
    month = {06},
    title = {Creating a Cybersecurity Concept Inventory: A Status Report on the CATS Project},
    journal = {National Cyber Summit}
}


@inproceedings{hackathon,
    author = {T. Sherman, Alan and Oliva, Linda and Golaszewski, Enis and Phatak, Dhananjay and Scheponik, Travis and Herman, Geoffrey and Choi, Dong San and Offenberger, Spencer and Peterson, Peter and Dykstra, Josiah and Bard, Gregory and Chattopadhyay, Ankur and Sharevski, Filipo and Verma, Rakesh and Vrecenar, Ryan},
    year = {2019},
    Booktitle = {IEEE Security and Privacy},
    title = {The CATS Hackathon: Creating and Refining Test Items for Cybersecurity Concept Inventories},
}